<record><leader>00000cas a22000007a 4500</leader><controlfield tag="001">22399033</controlfield><controlfield tag="008">900918d19211958couwr ne      0    0eng d</controlfield><datafield ind1=" " ind2=" " tag="010"><subfield code="a">sn 90051650 </subfield></datafield><datafield ind1=" " ind2=" " tag="040"><subfield code="a">CNQ</subfield><subfield code="b">eng</subfield><subfield code="c">CNQ</subfield><subfield code="d">OCLCQ</subfield></datafield><datafield ind1=" " ind2=" " tag="042"><subfield code="a">msc</subfield></datafield><datafield ind1="0" ind2="4" tag="245"><subfield code="a">The Niwot tribune.</subfield></datafield><datafield ind1=" " ind2=" " tag="260"><subfield code="a">Niwot, Boulder County, Colo. :</subfield><subfield code="b">E.S. Hays</subfield></datafield><datafield ind1=" " ind2=" " tag="300"><subfield code="a">v.</subfield></datafield><datafield ind1=" " ind2=" " tag="310"><subfield code="a">Weekly</subfield></datafield><datafield ind1="0" ind2=" " tag="362"><subfield code="a">Vol. 1, no. 1 (Aug. 19, 1921)-v. 9, no. 52 (Aug. 1, 1930) ; 10th year, no. 1 (Aug. 8, 1930)-38th year, no. 5 (Sept. 26, 1958).</subfield></datafield><datafield ind1=" " ind2=" " tag="752"><subfield code="a">United States</subfield><subfield code="b">Colorado</subfield><subfield code="c">Boulder</subfield><subfield code="d">Niwot.</subfield></datafield></record>